% This file was created with JabRef 2.3.1.
% Encoding: UTF-8

@BOOK{librolatex,
  title = {El libro de LATEX},
  publisher = {Prentice Hall, Madrid},
  year = {2003},
  author = {Bernardo Cascales, Pascual Lucas, José Manuel Mira, Antonio Pallarés
	y Salvador Sánchez-Pedreño},
  owner = {HP_Propietario},
  timestamp = {2008.08.17}
}

@ARTICLE{guiatitlesec,
  author = {Javier Bezos},
  title = {The titlesec and titletoc Packages},
  journal = {Guía propia titlesec},
  year = {2007},
  owner = {fernando},
  timestamp = {2008.08.08}
}

@BOOK{botella,
  title = {Iniciación a LaTeX2e},
  publisher = {Addison-Wesley},
  year = {1997},
  author = {Javier Sanguino Botella},
  owner = {HP_Propietario},
  timestamp = {2008.08.17}
}

@BOOK{imprenta,
  title = {LaTeX, una imprenta en sus manos},
  publisher = {Aula Documental de Investigación},
  year = {2000},
  author = {Bernardo Cascales},
  owner = {HP_Propietario},
  timestamp = {2008.08.17}
}

@BOOK{DCK03,
  title = {El Universo LATEX},
  publisher = {Bogotá: Universidad Nacional de Colombia.},
  year = {2003},
  editor = {(2ª ed.). Bogotá: Universidad Nacional de Colombia. 470 p. ISBN 958-701-060-4.
	[686.225 D321u 2a.ed.] (1 ejemplar)},
  author = {De Castro Korgi, R. ;Rodrigo De Castro Korgi},
  owner = {fcaro},
  timestamp = {2008.07.22}
}

@BOOK{primpasos,
  title = {LaTeX primeros pasos},
  publisher = {Editorial Masson},
  year = {1992},
  author = {Fernando Ortegón Gallego},
  owner = {HP_Propietario},
  timestamp = {2008.08.30}
}

@BOOK{adocument,
  title = {LaTeX: A document preparation system},
  publisher = {Addison-Wesley},
  year = {1994},
  editor = {2nd Edition},
  author = {Leslie Lamport},
  owner = {HP_Propietario},
  timestamp = {2008.08.17}
}

@BOOK{latexcomp,
  title = {The LaTeX Companion},
  publisher = {Addison-Wesley},
  year = {1994},
  editor = {Addison-Wesley},
  author = {Michel Goossens, Frank Mittelbach, Alexander Samarin},
  owner = {fcaro},
  timestamp = {2008.08.06}
}

@ARTICLE{guiafancy,
  author = {Piet van Oostrum},
  title = {Dept. of Computer Science
	
	Utrecht University},
  journal = {Guía propia fancyhdr},
  year = {2004},
  owner = {fcaro},
  timestamp = {2008.07.31}
}

@BOOK{guidek,
  title = {A Guide to LaTeX},
  publisher = {Addison-Wesley Professional},
  year = {2004},
  author = {H. Kopka y P.W. Daly},
  owner = {HP_Propietario},
  timestamp = {2008.08.17}
}

@BOOK{desousa,
  title = {Ortografía y ortotipografía del español actual},
  year = {2004.},
  editor = {Trea},
  author = {José Martínez de Sousa},
  owner = {fcaro},
  timestamp = {2008.08.13}
}

@BOOK{valiente,
  title = {Composición de textos cientìficos con LaTeX},
  publisher = {Edicions UPC, Barcelona},
  year = {1997},
  author = {Gabriel Valiente},
  owner = {HP_Propietario},
  timestamp = {2008.08.17}
}

@BOOK{guiaa,
  title = {Cada instalación de LATEX debería proporcionar la llamada Guía Local
	de LATEX, que explica las cosas que son particulares del sistema
	local.
	
	Debería residir en un fichero llamado local.tex. Por desgracia, en
	
	algunos sitios no se halla dicha guía. .},
  owner = {fcaro},
  timestamp = {2008.07.30}
}

@comment{jabref-meta: selector_publisher:}

@comment{jabref-meta: selector_author:}

@comment{jabref-meta: selector_journal:}

@comment{jabref-meta: selector_keywords:}

